%TEST
@online{WinNT,
	author = {MultiMedia LLC},
	title = {{MS Windows NT} Kernel Description},
	year = 1999,
	url = {http://web.archive.org/web/20080207010024/http://www.808multimedia.com/winnt/kernel.htm},
	urldate = {2010-09-30}
}

%eigen
@online{eigen,
	author = {	
	Benoît Jacob, Gaël Guennebaud
	},
	title = {Eigen},
	year = 2020,
	url = {https://eigen.tuxfamily.org/index.php?title=Main_Page},
	urldate = {2021-07-28}
}

%googleTest
@ONLINE{googletest,
	author = {Google Inc.},
	title = {GoogleTest, Google's C++ test framework},
	year = {2021},
	url = {https://github.com/google/googletest},
	urldate = {2021-07-28}	
}

%project Page
@ONLINE{molDymCourse,
	author = {Lars, Pastewka, Wolfram, Nöhring},
	title = {Molecular Dynamics Course},
	year = {2021},
	url = {https://imtek-simulation.github.io/MolecularDynamics/},
	urldate = {2021-07-28}	
}

%own Github
@ONLINE{molDymGithub,
	author = {Christoph Moser},
	title = {Code Repository},
	year = {2021},
	url = {https://github.com/cmoser8892/MoleDymCode},
	urldate = {2021-08-01}	
}

%ovito
@ONLINE{ovito,
	author = {OVITO GmbH},
	title = {Ovito},
	year = {2021},
	url = {https://www.ovito.org},
	urldate = {2021-08-01}
}

%icosader
@ONLINE{icosader,
	author = {Yanting Wang},
	title = {Mackay Icosahedron Structure Generator},
	year = {2021},
	url = {http://www.pas.rochester.edu/~wangyt/algorithms/ih/},
	urldate = {2021-08-01}
}
